@ONLINE{fil,
year={2014},
title={Master 2 Informatique IAGL},
url={http://portail.fil.univ-lille1.fr/portail/index.php?dipl=MInfo&sem=IAGL&ue=ACCUEIL&label=Pr%C3%A9sentation}
}